<record><leader>00000cas a22000007a 4500</leader><controlfield tag="001">18556094</controlfield><controlfield tag="008">881003d19241985iduwr ne      0    0eng d</controlfield><datafield ind1=" " ind2=" " tag="010"><subfield code="a">sn 88056054 </subfield></datafield><datafield ind1=" " ind2=" " tag="040"><subfield code="a">NVB</subfield><subfield code="b">eng</subfield><subfield code="c">NVB</subfield><subfield code="d">OCLCQ</subfield><subfield code="d">OCLCF</subfield><subfield code="d">OCLCO</subfield></datafield><datafield ind1=" " ind2=" " tag="042"><subfield code="a">msc</subfield></datafield><datafield ind1=" " ind2=" " tag="043"><subfield code="a">n-us-id</subfield></datafield><datafield ind1="0" ind2=" " tag="130"><subfield code="a">Kellogg Wardner news (Kellogg, Idaho : 1924)</subfield></datafield><datafield ind1="1" ind2="0" tag="245"><subfield code="a">Kellogg Wardner news.</subfield></datafield><datafield ind1="3" ind2="0" tag="246"><subfield code="a">Kellogg news Wardner</subfield></datafield><datafield ind1="3" ind2="0" tag="246"><subfield code="a">Kellogg daily Wardner news</subfield></datafield><datafield ind1=" " ind2=" " tag="260"><subfield code="a">Kellogg, Idaho :</subfield><subfield code="b">W.L. Penney</subfield></datafield><datafield ind1=" " ind2=" " tag="300"><subfield code="a">v.</subfield></datafield><datafield ind1=" " ind2=" " tag="310"><subfield code="a">Weekly</subfield></datafield><datafield ind1="0" ind2=" " tag="362"><subfield code="a">37th year, no. 29 (July 18, 1924)-99th year, no. 19 (June 27, 1985).</subfield></datafield><datafield ind1=" " ind2=" " tag="500"><subfield code="a">Published as: Kellogg daily Wardner news, July 17-Aug. 28, 1925.</subfield></datafield><datafield ind1=" " ind2=" " tag="500"><subfield code="a">Issues from July 18, 1924-&lt;1930&gt; duplicate Kellogg evening news.</subfield></datafield><datafield ind1=" " ind2=" " tag="580"><subfield code="a">Daily ed.: Kellogg evening news.</subfield></datafield><datafield ind1=" " ind2="0" tag="651"><subfield code="a">Kellogg (Idaho)</subfield><subfield code="v">Newspapers.</subfield></datafield><datafield ind1=" " ind2="0" tag="651"><subfield code="a">Wardner (Idaho)</subfield><subfield code="v">Newspapers.</subfield></datafield><datafield ind1=" " ind2="7" tag="655"><subfield code="a">Newspapers.</subfield><subfield code="2">fast</subfield><subfield code="0">(OCoLC)fst01423814</subfield></datafield><datafield ind1=" " ind2="7" tag="651"><subfield code="a">Idaho</subfield><subfield code="z">Kellogg.</subfield><subfield code="2">fast</subfield><subfield code="0">(OCoLC)fst01272101</subfield></datafield><datafield ind1=" " ind2="7" tag="651"><subfield code="a">Idaho</subfield><subfield code="z">Wardner.</subfield><subfield code="2">fast</subfield><subfield code="0">(OCoLC)fst01291206</subfield></datafield><datafield ind1=" " ind2=" " tag="752"><subfield code="a">United States</subfield><subfield code="b">Idaho</subfield><subfield code="c">Shoshone</subfield><subfield code="d">Kellogg.</subfield></datafield><datafield ind1=" " ind2=" " tag="752"><subfield code="a">United States</subfield><subfield code="b">Idaho</subfield><subfield code="c">Shoshone</subfield><subfield code="d">Wardner.</subfield></datafield><datafield ind1="1" ind2=" " tag="775"><subfield code="t">Kellogg evening news</subfield><subfield code="w">(DLC)sn 86091098</subfield></datafield><datafield ind1="0" ind2="0" tag="780"><subfield code="t">Wardner Kellogg news</subfield><subfield code="w">(DLC)sn 88056050</subfield></datafield><datafield ind1="0" ind2="5" tag="785"><subfield code="t">Wallace miner</subfield><subfield code="w">(DLC)sn 85007266</subfield></datafield></record>